% -*- coding: utf-8; -*-

@MastersThesis{1,
  key          = {1},
  author       = {\uppercase{NOLDIN, J. H}},
  title        = {Contribuição ao estudo da cinética de redução de briquetes autoredutores},
  school       = {Departamento de Ciência dos Materiais e Metalurgia, Pontifícia Universidade Católica do Rio de Janeiro},
  year         = {2002},
  type         = {Dissertação de Mestrado},
  address      = {Rio de Janeiro}
}
@Article{2,
  key          = {2},
  author       = {\uppercase{VIEIRA, C. B.; Araujo, F. G. S.; ROSIÉRE, C. A.; SESHADRI, V.; COELHO, L. H}},
  title        = {Enfoque geometalúrgico sobre el control de calidad del mineral de hierro en procesos de aglomeración y reducción},
  journal      = {Acero Latinoamericano},
  year         = {2011},
  volume       = {524},
  pages        = {24--33}
}
@InProceedings{3,
  key          = {3},
  author       = {\uppercase{Vieira, C. B.; Rosi\`{e}re, C. A.; Seshadri,
                  V.; Assis, P. S.; Coelho, L. H.; Pena,
                  H. Q}},
  year         = {2000},
  title        = {Geometallurgical approach for quality control of iron
                  ores for agglomeration in iron and steel industry},
  booktitle    = {International symposium on beneficiation
                  agglomeration and anvironment -- ISBAN},
  address      = {Bhubaneswar, \'{I}ndia},
  pages        = {1--7}
}
@Book{4,
  key          = {4},
  author       = {\uppercase{Cornell, R. M.; Schwertmann, U}},
  year         = {2003},
  title        = {The Iron Oxides: Structure, Properties, Reactions, Occurrences and Uses},
  publisher    = {VCH},
  edition      = {2nd},
  address      = {New York}
}
@Book{5,
  key          = {5},
  author       = {\uppercase{Criddle, A. J.; Stanley, C. J}},
  year         = {1993},
  title        = {Quantitative Data File for Ore Minerals},
  publisher    = {Chapman \& Hall},
  edition      = {3rd},
  address      = {London (UK)}
}
@InProceedings{6,
  key          = {6},
  author       = {\uppercase{Pirard, E.; Lebichot, S}},
  year         = {2004},
  title        = {Image analysis of iron oxides under the optical
                  microscope},
  booktitle    = {International Congress on Applied Mineralogy: Developments in Science and Technology - (ICAM 2004)},
  address      = {\'{A}guas de Lind\'{o}ia},
  pages        = {153--156}
}
@Article{7,
  key          = {7},
  author       = {\uppercase{Donskoi, E.; Suthers, S. P.; Fradd, S. B.;
                  Young, J. M.; Campbell, J. J.; Raynlyn, T. D.;
                  Clout, J. M. F}},
  year         = {2007},
  title        = {Utilization of optical image analysis and automatic
                  texture classification for iron ore particle
                  characterisation},
  journal      = {Minerals Engineering},
  volume       = {20},
  pages        = {461--471}
}
@InProceedings{8,
  key          = {8},
  author       = {\uppercase{Gomes, O. D. M.; Paciornik, S}},
  year         = {2008},
  title        = {Iron ore quantitative characterisation through
                  reflected light-scanning electron co-site
                  microscopy},
  booktitle    = {Ninth International Congress for Applied Mineralogy},
  address      = {Carlton: The Australasian Institute of Mining and
                  Metalurgy},
  pages        = {699--702}
}

%  editor       = {Dr. Viacheslav Kazmiruk},
@InBook{9,
  key          = {9},
  author       = {\uppercase{Gomes, O. D. M.; Paciornik, S}},
  title        = {Scanning Electron Microscopy},
  chapter      = {16. Multimodal Microscopy for Ore Characterization},
  publisher    = {\href{http://www.intechopen.com/books/scanning-electron-microscopy/multimodal-microscopy-for-ore-characterization}{InTech}},
  url          = {http://www.intechopen.com/books/scanning-electron-microscopy/multimodal-microscopy-for-ore-characterization},
note           = {Acesso em: Abril de 2012}, 
  year         = {2012},
  pages       = {313-334}
}
@Article{10,
  key          = {10},
  author       = {\uppercase{Vieira, C. B.; Rosière, C. A.; Pena, E. Q.; Seshadri, V.; Assis, P. S}},
  title        = {Avaliação técnica de minérios de ferro para sinterização nas siderúrgicas e minerações brasileiras: uma análise crítica},
  journal      = {Rem: Revista Escola de Minas},
  year         = {2003},
  volume       = {56 (2)},
  pages        = {97--102}
}
@InProceedings{11,
  key          = {11},
  author       = {\uppercase{Libaneo, C. A. F.; Kaneko, K. M.; Coelho, L. H. T.; Purificação, E. X}},
  year         = {2001},
  title        = {Classificação Mineralógica, Textural e Granulométrica de Detalhe de Minério de Ferro ("Pellet Feed") e suas Implicações Geosiderúrgicas},
  booktitle    = {III Simpósio Brasileiro de Minério de Ferro. ABM - Associação Brasileira de 
Metalurgia e Materiais},
  address      = {Ouro Preto, Minas Gerais},
  pages        = {70--78}
}
@Article{12,
  key          = {12},
  author       = {\uppercase{Santos, L. D.; Brand\~{a}o, P. R. G}},
  year         = {2005},
  title        = {\uppercase{LM}, \uppercase{SEM} and\uppercase{ EDS} study of microstructure of Brazilian iron ores},
  journal      = {Microscopy and Analysis},
  volume       = {19},
  pages        = {17--19}
}
@Book{13,
  key          = {13},
  author       = {\uppercase{Gribble, C.; Hall, A. J}},
  year         = {1992},
  title        = {Optical Mineralogy: \uppercase{P}rinciples and
                  practice},
  publisher    = {UCL Press},
  address      = {London (UK)}
}
@TechReport{14,
  key          = {14},
  author       = {\uppercase{Vale}},
  title        = {Características estruturais dos finos \textsc{Seca},
                  \uppercase{SECE}, e \uppercase{ALEGRIA} que
                  compuseram pilhas de desempenho ruim e excelente na
                  \uppercase{U}siminas},
  institution  = {Vale},
  year         = {1998},
  type         = {Relatório Interno},
  number       = {1, 22p.}
}
@Article{15,
  key          = {15},
  author       = {\uppercase{Goldich, S. S}},
  title        = {Ages of Precambrian Banded Iron-Formations},
  journal      = {Economic Geology},
  year         = {1973},
  volume       = {68 (7)},
  pages        = {1126--1134}
}
@Book{16,
  key          = {16},
  author       = {\uppercase{Klein, C.; Hurlbut, C. S}},
  year         = {1993},
  title        = {Manual of Mineralogy},
  publisher    = {John Wiley \& Sons, Inc},
  edition      = {21st},
  address      = {New York (NY, USA)}
}
@Article{17,
  key          = {17},
  author       = {\uppercase{LINDENMAYER, Z. G.; LAUX, J. H.; TEIXEIRA, J. B. G}},
  year         = {2001},
  title        = {Considerações sobre a origem das formações ferríferas da Formação Carajás, Serra dos Carajás},
  journal      = {Revista Brasileira de Geociências},
  volume       = {31 (1)},
  pages        = {21--28}
}
@InProceedings{18,
  key          = {18},
  author       = {\uppercase{VIEIRA, C. B.; Araujo, F. G. S; SESHADRI, V.; COELHO, L. H.; ROSIÉRE, C. A}},
  year         = {2009},
  title        = {Geometallurgical Approach for Quality Control of Iron Ores for Agglomeration and Reduction Processes},
  booktitle    = {7a Conferencia de Reducción do IAS},
  address      = {Campana (Buenos Aires, Argentina)},
  pages        = {19--36}
}
@Misc{19,
  key         = {19},
  author      = {\uppercase{usgs}},
  title       = {Mineral Commodity Summaries},
  howpublished = {U.S. Department of the Interior. \href{http://minerals.usgs.gov/}{U.S. Geological Survey}},
  url         = {http://minerals.usgs.gov},
  note        = {Acesso em: Abril de 2012},
  year        = {2012}
}
@Misc{20,
  key         = {20},
  author      = {\uppercase{IBRAM}},
  title       = {Informações e Análises da Economia Mineral
                  Brasileira},
  howpublished = {6$^{a}$ Edição. \href{http://www.ibram.org.br/}{Instituto Brasileiro de Mineração}},
  url         = {http://www.ibram.org.br},
  note        = {Acesso em: Abril de 2012},
  year        = {2012}
}
@Misc{21,
  key         = {21},
  author      = {\uppercase{dnpm}},
  title       = {Sumário Mineral},
  howpublished = {\href{http://www.dnpm.gov.br/}{Departamento Nacional de Produção Mineral}},
  url         = {http://www.dnpm.gov.br},
  note        = {Acesso em: Abril de 2012},
  year        = {2011}
}
@MastersThesis{22,
  key          = {22},
  author       = {\uppercase{Frick, M. A. D}},
  title        = {Caracteriza\c{c}\~{a}o de Min\'{e}rio de Ferro por
                  Vis\~{a}o Computacional},
  school       = {Universidade Federal de Santa Maria - UFSM},
  year         = {2008},
  type         = {Dissertação de Mestrado},
  address      = {Rio Grande do Sul}
}
@InProceedings{23,
  key          = {23},
  author       = {\uppercase{Gross, G. A}},
  year         = {1993},
  title        = {Industrial and genetic models for iron ore in Iron
                  Formations},
  booktitle    = {Mineral Deposit Modeling: Geological Association of
                  Canada},
  address      = {Special Paper 40},
  pages        = {151--170}
}
@Misc{24,
  key         = {24},
  author      = {\uppercase{IAB}\lowercase{r}},
  title       = {Situação Atual e Principais Desafios},
  howpublished = {\href{http://www.acobrasil.org.br/}{Indústria Brasileira do Aço}},
  url         = {http://www.acobrasil.org.br},
  note        = {Acesso em: Abril de 2012},
  year        = {2011}
}
@Article{25,
  key          = {25},
  author       = {\uppercase{ROMERO, T}},
  year         = 2006,
  title        = {China: crescimento industrial superior a 16\% ao ano pode levar à crise de abastecimento energético},
  journal      = {Inovação Uniemp [online]},
  volume       = {2 (4)},
  pages        = {12--15}
}
@Article{26,
  key          = {26},
  author       = {\uppercase{Rosière, C. A}},
  year         = {1996},
  title        = {Um modelo para a evolução microestrutural dos minérios
                  de ferro do\uppercase{Q}uadrilátero
                  \uppercase{F}errífero. \uppercase{P}arte
                  \uppercase{II} - \uppercase{T}rama, textura e
                  anisotropia de susceptibilidade magnética},
  journal      = {Geonomos},
  volume       = {4 (1)},
  pages        = {61--75}
}
@InProceedings{27,
  key          = {27},
  author       = {\uppercase{Rosière, C. A.; Vieira, C. B.; Seshadri, V.; Chemale
                  Jr., F}},
  year         = {1997},
  title        = {Classificação genética de minérios de ferro -
                  problemas e vícios - \uppercase{P}roposta de uma
                  classificação tipológica para indústria},
  booktitle    = {Seminário de Redução de Minério de Ferro da ABM},
  address      = {Vitória. Anais, São Paulo},
  pages        = {295--302}
}
@InProceedings{28,
  key          = {28},
  author       = {\uppercase{POVEROMO, J. J}},
  year         = {1999},
  title        = {Iron Ores},
  booktitle    = {The Aise Steel Foundation. (Ed.) Ironmaking},
  address      = {Pittsburgh},
  pages        = {547--550}
}
@PhdThesis{29,
  key          = {29},
  author       = {\uppercase{Takehara, L}},
  title        = {Caracterização geometalúrgica dos principais
                  minérios de ferro brasileiros - fração sinter feed},
  school       = {Universidade Federal do Rio Grande do Sul},
  year         = {2004},
  type         = {Tese de Doutorado em Geociências},
  address      = {Rio Grande do Sul}
}
@MastersThesis{30,
  key          = {30},
  author       = {\uppercase{Rosa, M}},
  title        = {Segmentação de grãos de hematita em amostras de
                  minério de ferro por análise de imagens de luz
                  polarizada Avaliação da qualidade intrínseca de
                  minérios de ferro para uso em altos-fornos},
  school       = {Universidade Federal de Santa Maria},
  year         = {2008},
  type         = {Dissertação Mestrado em Engenharia de Produção},
  address      = {Rio Grande do Sul}
}
@Misc{31,
  key         = {31},
  author      = {\uppercase{Barthelmy, D}},
  title       = {Mineralogy Database},
  howpublished = {\href{http://webmineral.com/}{Webmineral}},
  url         = {http://webmineral.com},
  note        = {Acesso em: Abril de 2012},
  year        = {2010}
}
@Article{32,
  key          = {32},
  author       = {\uppercase{König, U.; Pöllmann , H.; Angélica, R. S}},
  title        = {O Refinamento de \uppercase{R}ietveld como um método para o controle de qualidade de minérios de ferro},
  journal      = {Rem: Revista Escola de Minas},
  year         = {2002},
  volume       = {55 (2)},
  pages        = {111--114}
}
@Article{33,
  key          = {33},
  author       = {\uppercase{Karunakaran, C.; Senthilvelan, S}},
  title        = {Fe2\uppercase{O}3-photocatalysis with sunlight and \uppercase{UV} light: Oxidation of aniline},
  journal      = {Electrochemistry Communications},
  year         = {2006},
  volume       = {8 (1)},
  pages        = {95--101}
}
@Book{34,
  key          = {34},
  author       = {\uppercase{Deer, W. A.; Howie, R. A.; Zussman, J}},
  year         = {2000},
  title        = {Minerais Constituintes das Rochas},
  publisher    = {Fundação Calouste Gulbenkian},
  edition      = {2nd},
  address      = {Lisboa}
}
@InProceedings{35,
  key          = {35},
  author       = {\uppercase{Paciornik, S.; Maurício, M. H. P}},
  year         = {2004},
  title        = {Digital Imaging},
  booktitle    = {Vander-Voort, G. F. (Ed.). ASM Handbook, v. 9:
                  Metallography and Microstructures},
  address      = {Ohio (USA)},
  pages        = {368--402}
}
@Article{36,
  key          = {36},
  author       = {\uppercase{Dolleiser, M.; Hashemi-Nezhad, S. R}},
  title        = {A fully automated optical microscope for analysis
of particle tracks in solids},
  journal      = {Nuclear Instruments and Methods in Physics Research B},
  year         = {2002},
  volume       = {198 (1-2)},
  pages        = {98--107}
}
@Article{37,
  key          = {37},
  author       = {\uppercase{Hatiboglu, C. U.; Akin, S}},
  year         = {2004},
  journal      = {Computers \& Geosciences},
  title        = {A new computerized moving stage for optical microscopes},
  volume       = {30 (5)},
  pages        = {471--481}
}
@Article{38,
  key          = {38},
  author       = {\uppercase{Lee, S.; Ghanta, S.; Karp, T}},
  year         = {2012},
  title        = {Comparative study of retrospective methods to reduce non-uniform illumination effects to bridge coating},
  journal      = {Automation in Construction},
  volume       = {22},
  pages        = {537--544}
}
@Article{39,
  key          = {39},
  author       = {\uppercase{Pirard, E.; Lebrun, V.; Nivart, J. F}},
  year         = {1999},
  title        = {Optimal Acquisition of Video Images in Reflected
                  Light Microscopy},
  journal      = {Microscopy and Analysis},
  volume       = {37},
  pages        = {19--21}
}
@Article{40,
  key          = {40},
  author       = {\uppercase{Yeo, T. T. E.; Ong, S. H.; Jayasooriah, Sinniah, R}},
  year         = {1993},
  title        = {Autofocusing for tissue microscopy},
  journal      = {Image and Vision Computing},
  volume       = {11 (10)},
  pages        = {629--639}
}
@Article{41,
  key          = {41},
  author       = {\uppercase{Sun, Y.; Duthaler, S.; Nelson, B. J}},
  year         = {2004},
  title        = {Autofocusing in Computer Microscopy: Selecting the
                  Optimal Focus Algorithm},
  journal      = {Microscopy Research and Technique},
  volume       = {65},
  pages        = {139--149}
}
@Article{42,
  key          = {42},
  author       = {\uppercase{Goldsmith, N. T}},
  year         = {2000},
  title        = {Deep Focus: a digital image processing technique to
                  produce improved focal depth in light microscopy},
  journal      = {Image Anal. Stereol},
  volume       = {19},
  pages        = {163--167}
}
@Article{43,
  key          = {43},
  author       = {\uppercase{Valdecasas, A. G.; Marshall, D.; Becerra, J. M.; Terrero, J. J}},
  year         = {2001},
  title        = {On the extended depth of focus algorithms for bright field microscopy},
  journal      = {Micron},
  volume       = {32 (6)},
  pages        = {559--569}
}
@InProceedings{44,
  key          = {44},
  author       = {\uppercase{Young, I. T}},
  year         = {2000},
  title        = {Shading Correction: Compensation for illumination and sensor inhomogeneities},
  booktitle    = {Current Protocols in Cytometry, J.P. Robinson, et al., Editors.,
John Wiley and Sons, Inc},
  address      = {New York (NY, USA)},
  pages        = {2.11.1--2.11.12}
}
@Misc{45,
  key         = {45},
  author      = {\uppercase{McHugh, S}},
  title       = {White Balance},
  howpublished = {\href{http://www.cambridgeincolour.com/tutorials/white-balance.htm/}{White Balance Tutorial}},
  url         = {http://www.cambridgeincolour.com/tutorials/white-balance.htm},
  note        = {Acesso em: Abril de 2012},
  year        = {2012}
}
@InProceedings{46,
  key          = {46},
  author       = {\uppercase{Bradley, A.; Wildermoth, M.; Mills, P}},
  year         = {2005},
  title        = {Virtual Microscopy with Extended Depth of Field},
  booktitle    = {Proceedings of the International Conference on
                  Digital Image Computing: Techniques and Applications
                  - DICTA},
  address      = {Cairns (Australia)},
  pages        = {235--242}
}
@Misc{47,
  key         = {47},
  author      = {\uppercase{Carl Zeiss Vision GmbH}},
  title       = {\href{http://www.zeiss.de}{KS400}},
  howpublished = {},
  url         = {http://www.zeiss.de},
  note        = {[software, v. 3.0]. Acesso em: Abril de 2012},
  year        = {2001}
}
@Misc{48,
  key         = {48},
  author      = {\uppercase{Carl Zeiss MicroImage GmbH}},
  title       = {\href{http://www.zeiss.de/axiovision}{Axiovision}},
  howpublished = {},
  url         = {http://www.zeiss.de/axiovision},
  note        = {[software, v.4.8.2]. Acesso em: Abril de 2012},
  year        = {2010}
}
@Misc{49,
  key         = {49},
  author      = {\uppercase{Olympus Soft Imaging Solutions GmbH}},
  title       = {\href{http://www.olympus-sis.com/}{Soft Imaging System} (Scandium)},
  howpublished = {},
  url         = {http://www.olympus-sis.com/},
  note        = {[software, v.3.2]. Acesso em: Abril de 2012},
  year        = {2006}
}
@Misc{50,
  key         = {50},
  author      = {\uppercase{Carl Zeiss Vision GmbH}},
  title       = {\href{http://earth2geologists.net/Microscopes/documents/Zeiss\_Axioscop\_Pol\_e.pdf}{Axioskop 40 Pol. Clearly superior}},
  howpublished = {},
  url         = {http://earth2geologists.net/Microscopes/documents/Zeiss\_Axioscop\_Pol\_e.pdf},
  note        = {Acesso em: Abril de 2012},
  year        = {2012}
}
@Article{51,
  key          = {51},
  author       = {\uppercase{Pirard, E}},
  year         = {2004},
  title        = {Multispectral imaging of ore minerals in optical
                  microscopy},
  journal      = {Mineralogical Magazine},
  volume       = {68 (2)},
  pages        = {323--333}
}
@PhdThesis{52,
  key          = {52},
  author       = {\uppercase{Gomes, O. F. M}},
  title        = {Microscopia Co-Localizada: Novas Possibilidades na Caracterização de Minérios},
  school       = {Departamento de Ciência dos Materiais e Metalurgia, Pontifícia Universidade Católica do Rio de Janeiro},
  year         = {2007},
  type         = {Tese de Doutorado},
  address      = {Rio de Janeiro}
}
@Article{53,
  key          = {53},
  author       = {\uppercase{Feret, F}},
  year         = {1982},
  title        = {Routineanalysis of iron ores by X-ray spectrometry},
  journal      = {Spectrochimica Acta Part B: Atomic Spectroscopy},
  volume       = {37 (4)},
  pages        = {349--357}
}
@Article{54,
  key          = {54},
  author       = {\uppercase{Gaviría, J. P.; Bohé, A.; Pasquevich, A.; Pasquevich, D. M}},
  year         = {2007},
  title        = {Hematite to magnetite reduction monitored by Mössbauer spectroscopy and X-ray diffraction},
  journal      = {Physica B: Condensed Matter},
  volume       = {389 (1)},
  pages        = {198--201}
}
@Article{55,
  key          = {55},
  author       = {\uppercase{Costa, M. I. Jr.; Kunrath, J. I.; Cunha, J. B. M.; Moro, J. T.; Araújo, J. H}},
  year         = {1993},
  title        = {Mössbauer effect characterization of \uppercase{B}razilian ironores for mining industrial purposes},
  journal      = {Nuclear Instruments and Methods in Physics Research Section B: Beam Interactions with Materials and Atoms},
  volume       = {76 (1-4)},
  pages        = {244--245}
}
@Article{56,
  key          = {56},
  author       = {\uppercase{Ganguly, B.; Huggins, F. E.; Rao, K. R. P. M.; Huffman, G. P}},
  year         = {1993},
  title        = {Determination of the Particle-SizeDistribution of Iron Oxide Catalysts from Superparamagnetic Mössbauer Relaxation Spectra},
  journal      = {Journal of Catalysis},
  volume       = {142 (2)},
  pages        = {552--560}
}
@Article{57,
  key          = {57},
  author       = {\uppercase{Nayak, P. K.; Das, D.; Vijayan, V.; Singh, P. Chakravortty, V}},
  year         = {2001},
  title        = {57\uppercase{F}e Mössbauer and \uppercase{EDXRF} studies on three representative banded iron formations (\uppercase{BIF}s) of \uppercase{O}rissa, \uppercase{I}ndia},
  journal      = {Nuclear Instruments and Methods in Physics Research Section B: Beam Interactions with Materials and Atoms},
  volume       = {184 (4)},
  pages        = {649--654}
}
@Article{58,
  key          = {58},
  author       = {\uppercase{Pirard, E.; Lebichot, S.; Krier, W}},
  year         = {2007},
  title        = {Particle texture analysis using polarized light
                  imaging and grey level intercepts},
  journal      = {International Journal of Mineral Processing},
  volume       = {84},
  pages        = {299--309}
}
@Article{59,
  key          = {59},
  author       = {\uppercase{Donskoi, E.; Suthers, S. P.; Fradd, S.B.; Young, J. M.; Campbell, J. J.; Raynlyn, T.D.; Clout, J. M. F}},
  year         = {2007},
  title        = {Utilization of optical image analysis and automatic texture classification for iron ore particle characterisation},
  journal      = {Minerals Engineering},
  volume       = {20 (5)},
  pages        = {461--471}
}
@InProceedings{60,
  key          = {60},
  author       = {\uppercase{Neumann, R.; Schneider, C. L.; Alcover-Neto, A}},
  year         = {2004},
  title        = {Caracterização Tecnológica de Minérios},
  booktitle    = {Luz, A. B. et al. (Ed.). Tratamento de Minérios. 4. ed},
  address      = {Centro de Tecnologia Mineral, Rio de Janeiro},
  pages        = {53--109}
}
@Article{61,
  key          = {61},
  author       = {\uppercase{Heilbronner, R}},
  year         = {2000},
  title        = {Automatic grain boundary detection and grain size analysis using
polarization micrographs or orientation images},
  journal      = {Journal of Structural Geology},
  volume       = {22 (7)},
  pages        = {969--981}
}
@Article{62,
  key          = {62},
  author       = {\uppercase{Thompson, S.; Fueten, F.; Bockus, D}},
  year         = {2001},
  title        = {Mineral identification using artificial neural networks and the
rotating polarizer stage},
  journal      = {Computers \& Geosciences},
  volume       = {9 (1)},
  pages        = {1081--1089}
}
@Article{63,
  key          = {63},
  author       = {\uppercase{Alvarez, J. C.; Gomes, O. F. M.; Paciornik, S}},
  year         = {2011},
  title        = {Automatic recognition of hematite grains under polarized reflected light microscopy through image analysis},
  journal      = {Minerals Engineering},
  volume       = {24 (12)},
  pages        = {1264--1270}
}
@InProceedings{64,
  key          = {64},
  author       = {\uppercase{Castro, N.; Wigum, B. J}},
  year         = {2012},
  title        = {Grain Size Analysis of Quartz in Potentially Alkali-Reactive Aggregates for Concrete: A Comparison Between Image Analysis and Point-Counting},
  booktitle    = {10th International Congress for Applied Mineralogy (ICAM)},
  address      = {Trondheim, Norway},
  pages        = {103--110}
}
@InProceedings{65,
  key          = {65},
  author       = {\uppercase{Gomes, O. D. M.; Paciornik, S.; Alvarez, J. C}},
  year         = {2010},
  title        = {A simple methodology for identifying hematite grains under polarized reflected light microscopy},
  booktitle    = {17th International Conference on Systems, Signals and Image Processing - IWSSIP },
  address      = {Niterói: EdUFF Editora da Universidade Federal Fluminense, Rio de Janeiro},
  pages        = {428--431}
}
@Book{66,
  key          = {66},
  author       = {\uppercase{Hecht, E}},
  year         = {2002},
  title        = {Optics},
  publisher    = {Addison Wesley},
  edition      = {4th},
  address      = {New York (NY, USA)}
}
@Misc{67,
  key         = {67},
  author      = {\uppercase{jr-worldwi.de}},
  title       = {\href{http://www.jr-worldwi.de/photo/index.html?polarizer.html}{Art Technic}},
  howpublished = {},
  url         = {http://www.jr-worldwi.de/photo/index.html?polarizer.html},
  note        = {Acesso em: Junho de 2012},
  year        = {2012}
}
@Misc{68,
  key         = {68},
  author      = {\uppercase{Wikipedia}},
  title       = {\href{http://en.wikipedia.org/wiki/Circular\_polarizer\#Circular\_polarizers}{Linearly polarized light}},
  howpublished = {},
  url         = {http://en.wikipedia.org/wiki/Circular\_polarizer\#Circular\_polarizers},
  note        = {Acesso em: Junho de 2012},
  year        = {2012}
}
@Misc{69,
  key         = {69},
  author      = {\uppercase{Nave, R}},
  title       = {\href{http://hyperphysics.phy-astr.gsu.edu/hbase/phyopt/polclas.html}{Polarization concepts}},
  howpublished = {},
  url         = {http://hyperphysics.phy-astr.gsu.edu/hbase/phyopt/polclas.html},
  note        = {Acesso em: Junho de 2012},
  year        = {2012}
}
@Article{70,
  key          = {70},
  author       = {\uppercase{Danz, R.; Gretscher, P}},
  title        = {C-\uppercase{DIC}: a new microscopy method for rational study of phase structures in incident light arrangement},
  journal      = {Thin Solid Films},
  year         = {2004},
  volume       = {462--463 (2)},
  pages        = {257--262}
}
@Article{71,
  key          = {71},
  author       = {\uppercase{Higgins, M. D}},
  title        = {Imaging birefringent minerals without extinction using circularly polarized light},
  journal      = {Canadian Mineralogist},
  year         = {2010},
  volume       = {48 (1)},
  pages        = {231--235}
}
@MastersThesis{72,
  key          = {72},
  author       = {\uppercase{Gomes, O. F. M}},
  title        = {Processamento e Análise de Imagens Aplicada à Caracterização Automática de Materiais},
  school       = {Departamento de Ciência dos Materiais e Metalurgia, Pontifícia Universidade Católica do Rio de Janeiro},
  year         = {2001},
  type         = {Dissertação de Mestrado},
  address      = {Rio de Janeiro}
}
@Article{73,
  key          = {73},
  author       = {\uppercase{Vieira, P. R. M.; Paciornik, S}},
  year         = {2001},
  title        = {Uncertainty evaluation of metallographic measurements by image analysis and thermodynamic modeling},
  journal      = {Materials Characterization},
  volume       = {47},
  pages        = {219--226}
}
@MastersThesis{74,
  key          = {74},
  author       = {\uppercase{Alvarez, J. C}},
  title        = {Uma metodologia para Caracterização de Sínter de Minério de Ferro; Microscopia Digital e Análise de Imagens},
  school       = {Departamento de Ciência dos Materiais e Metalurgia, Pontifícia Universidade Católica do Rio de Janeiro},
  year         = {2008},
  type         = {Dissertação de Mestrado},
  address      = {Rio de Janeiro}
}
@Article{75,
  key          = {75},
  author       = {\uppercase{Gomes, O. D. M.; Paciornik, S}},
  title        = {Caracterização Quantitativa de Minério de Ferro por Microcospia Co-Localizada},
  journal      = {Tecnologia em Metalurgia, Materiais e Mineração},
  year         = {2010},
  volume       = {6 (2)},
  pages        = {91--95}
}
@Article{76,
  key          = {76},
  author       = {\uppercase{Zitová	, B.; Flusser, J}},
  title        = {Image registration methods: a survey},
  journal      = {Image and Vision Computing},
  year         = {2003},
  volume       = {21 (11)},
  pages        = {977--1000}
}
@Article{77,
  key          = {77},
  author       = {\uppercase{Brown, L. G}},
  title        = {A Survey of Image Registration Techniques},
  journal      = {ACM Computing Surveys},
  year         = {1992},
  volume       = {24},
  pages        = {325--376}
}
@Book{78,
  key          = {78},
  author       = {\uppercase{Goshtasby, A. A}},
  year         = {2005},
  title        = {2-D and 3-D Image Registration: for Medical, Remote Sensing, and Industrial Applications},
  publisher    = {Wiley-Interscience},
  edition      = {1st},
  address      = {New York (NY, USA)}
}
@Article{79,
  key          = {79},
  author       = {\uppercase{Henn, S.; Witsch, K}},
  title        = {Image Registration Based on Multiscale Energy Information},
  journal      = {Multiscale Modelling Simulation},
  year         = {2005},
  volume       = {4 (2)},
  pages        = {584--609}
}
@Article{80,
  key          = {80},
  author       = {\uppercase{Maintz, J.; Viergever, M}},
  title        = {A survey of medical image registration},
  journal      = {Medical Image Analysis},
  year         = {1998},
  volume       = {2 (1)},
  pages        = {1--36}
}
@Article{81,
  key          = {81},
  author       = {\uppercase{Droske, M.; Rumpf, M}},
  title        = {A variational approach to nonrigid morphological registration},
  journal      = {SIAM Journal on Applied Mathematics},
  year         = {2004},
  volume       = {64 (2)},
  pages        = {668--687}
}
@Article{82,
  key          = {82},
  author       = {\uppercase{Fischer, B.; Modersitzki, J}},
  title        = {Curvature based image registration},
  journal      = {Journal of Mathematical Imaging and Vision},
  year         = {2003},
  volume       = {18 (1)},
  pages        = {81--85}
}
@InProceedings{83,
  key          = {83},
  author       = {\uppercase{Janssens, G}},
  year         = {2008},
  title        = {Improving physical behavior in image registration},
  booktitle    = {15th IEEE International Conference on Image Processing (ICIP)},
  address      = {San Diego (CA, USA)},
  pages        = {2952--2955}
}
@Article{84,
  key          = {84},
  author       = {\uppercase{Lowe, D. G}},
  title        = {Distinctive image features from scale-invariant keypoints},
  journal      = {International Journal of Computer Vision},
  year         = {2004},
  volume       = {60 (2)},
  pages        = {91--110}
}
@InProceedings{85,
  key          = {85},
  author       = {\uppercase{Lowe, D}},
  year         = {1999},
  title        = {Object Recognition from Local Scale-Invariant Features},
  booktitle    = {7th IEEE International Conference on Computer Vision},
  address      = {Kerkyra (Greece)},
  pages        = {1150--1157}
}
@Misc{86,
  key         = {86},
  author      = {\uppercase{FIJI-ImageJ}},
  title       = {\href{http://fiji.sc/wiki/index.php/Fiji}{FIJI}},
  howpublished = {},
  url         = {http://fiji.sc/wiki/index.php/Fiji},
  note        = {[software, v.1.45b]. Acesso em: Abril de 2012},
  year        = {2012}
}
@Article{87,
  key          = {87},
  author       = {\uppercase{Sutherland, D.; Gottlieb, P}},
  title        = {Application of automated quantitative mineralogy in mineral processing},
  journal      = {Minerals Engineering},
  year         = {1991},
  volume       = {4 (7-11)},
  pages        = {753--762}
}
@Book{88,
  key          = {88},
  author       = {\uppercase{Gonzalez, R. C.; Woods, R. E}},
  year         = {2008},
  title        = {Digital Image Processing},
  publisher    = {Prentice-Hall},
  edition      = {3rd},
  address      = {Upper Saddle River (NJ, USA)}
}
@InCollection{89,
 key           = {89},
 author        = {\uppercase{Spring, K. R}},
 title         = {Cameras for Digital Microscopy},
 booktitle     = {Methods in Cell Biology},
 pages         = {171--186},
 publisher     = {Academic Press},
 year          = {2007},
 editor        = {\uppercase{Sluder \& Wolf}},
 volume        = {81: Digital Microscopy, 3rd ed},
 chapter       = {10},
 address       = {San Diego (CA, USA)}
}
@Book{90,
  key          = {90},
  author       = {\uppercase{Tukey, J. W}},
  year         = {1977},
  title        = {Exploratory Data Analysis},
  publisher    = {Addison-Wesley},
  edition      = {1st},
  address      = {Massachusetts (MA, USA)}
}
@Book{91,
  key          = {91},
  author       = {\uppercase{MARQUES, O.; VIEIRA, H}},
  year         = {1999},
  title        = {Processamento Digital de
Imagens},
  publisher    = {Brasport},
  edition      = {1a},
  address      = {Rio de Janeiro (RJ, Brasil)}
}
@Book{92,
  key          = {92},
  author       = {\uppercase{Pratt, W. K}},
  year         = {2007},
  title        = {Digital Image Processing},
  publisher    = {John Wiley \& Sons},
  edition      = {4th},
  address      = {New Jersey (NJ, USA)}
}
@Misc{93,
  key         = {93},
  author      = {\uppercase{FACON, J}},
  title       = {Processamento e Análise de Imagens},
  howpublished = {Pontifícia Universidade Católica do Paraná. \href{http://www.ppgia.pucpr.br/\~facon/}{Curso de Mestrado em Informática Aplicada}},
  url         = {http://www.ppgia.pucpr.br/~facon},
  note        = {Acesso em: Abril de 2012},
  year        = {2005}
}
@Article{94,
  key          = {94},
  author       = {\uppercase{Deshmukh, K. S.; Shinde, G. N}},
  year         = {2005},
  title        = {An Adaptive Color Image Segmentation},
  journal      = {Electronic Letters on Computer Vision and Image Analysis},
  volume       = {5 (4)},
  pages        = {12--23}
}
@InProceedings{95,
  key          = {95},
  author       = {\uppercase{Deng, Y.; Manjunath, B. S.; Shin, H}},
  year         = {1999},
  title        = {Color Image Segmentation},
  booktitle    = {IEEE Computer Society Conference on Computer Vision and Pattern Recognition. Vol. 2},
  address      = {Fort Collins, (CO, USA)},
  pages        = {446--451}
}
@InProceedings{96,
  key          = {96},
  author       = {\uppercase{Tomita, F.; Yachida, M.; Tsuji, S}},
  year         = {1973},
  title        = {Detection of Homogeneous Regions by Structural Analysis},
  booktitle    = {International Joint Conference on Artificial Intelligence},
  address      = {Stanford (CA, USA)},
  pages        = {2.1--2.12}
}
@Article{97,
  key          = {97},
  author       = {\uppercase{Weska, J. S}},
  title        = {A Survey of Threshold Selection Techniques},
  journal      = {Computer Graphics and Image Processing},
  year         = {1978},
  volume       = {7 (2)},
  pages        = {259--265}
}
@Article{98,
  key          = {98},
  author       = {\uppercase{Otsu, N. A}},
  year         = {1979},
  title        = {Threshold Selection Method from Gray-Level Histograms},
  journal      = {IEEE Transactions on Systems, Man, and Cybernetics},
  volume       = {9 (1)},
  pages        = {62--66}
}
@Article{99,
  key          = {99},
  author       = {\uppercase{Marr, D.; Hildreth, E}},
  title        = {Theory of Edge Detection},
  journal      = {Proceedings of the Royal Society of London. Series B, Biological Sciences},
  year         = {1980},
  volume       = {207 (1167)},
  pages        = {187--217}
}
@Article{100,
  key          = {100},
  author       = {\uppercase{Canny, J. A}},
  year         = {1986},
  title        = {Computational Approach to Edge Detection},
  journal      = {IEEE Transactions on Pattern Analysis and Machine Intelligence},
  volume       = {8 (6)},
  pages        = {679--698}
}
@Article{101,
  key          = {101},
  author       = {\uppercase{Brice, C. R.; Fenema, C. L}},
  title        = {Scene Analysis Using Regions},
  journal      = {Artificial Intelligence},
  year         = {1970},
  volume       = {1 (3)},
  pages        = {205--226}
}
@Article{102,
  key          = {102},
  author       = {\uppercase{Fu, K. S. ; Mui, J. K}},
  year         = {1981},
  title        = {A survey on image segmentation},
  journal      = {Pattern Recognition},
  volume       = {13 (1)},
  pages        = {3--16}
}
@InProceedings{103,
  key          = {103},
  author       = {\uppercase{Beucher, S.; Lantuéjoul, C}},
  year         = {1979},
  title        = {Use of watersheds in contour detection},
  booktitle    = {In International Workshop on Image Processing: Real-time Edge and Motion Detection/Estimation},
  address      = {Rennes (France)},
  pages        = {2.1--2.12}
}
@Book{104,
  key          = {104},
  author       = {\uppercase{Serra, J}},
  year         = {1988},
  title        = {Image Analysis and Mathematical Morphology: Volume 2},
  publisher    = {Academic Press},
  edition      = {1st},
  address      = {New York (NY, USA)}
}
@InProceedings{105,
  key          = {105},
  author       = {\uppercase{Haralick, R. M}},
  year         = {1979},
  title        = {Statistical and Structural Approaches to Texture},
  booktitle    = {Proceedings of the IEEE, Vol. 67, No. 5.},
  pages        = {786--808}
}
@Article{106,
  key          = {106},
  author       = {\uppercase{Pun, T}},
  title        = {Entropic Thresholding: A New Approach},
  journal      = {Computer Graphics and Image Processing},
  year         = {1981},
  volume       = {16 (3)},
  pages        = {210--239}
}
@Article{107,
  key          = {107},
  author       = {\uppercase{Horowitz, S. L.; Pavlidis, T}},
  title        = {Picture Segmentation by a Tree Transversal Algorithm},
  journal      = {Journal of the Association for Computing Machinery},
  year         = {1976},
  volume       = {23 (2)},
  pages        = {368--388}
}
@Article{108,
  key          = {108},
  author       = {\uppercase{Hammouche, K.; Diaf, M.; Siarry, P}},
  title        = {A multilevel automatic thresholding method based on a genetic algorithm for a fast image segmentation},
  journal      = {Computer Vision and Image Understanding},
  year         = {2008},
  volume       = {109 (2)},
  pages        = {163--175}
}
@InProceedings{109,
  key          = {109},
  author       = {\uppercase{Vale, G. M.; Poz, A. P}},
  year         = {2002},
  title        = {O Processo de Detecção de Bordas de Canny: Fundamentos, Algoritmos e Avaliação Experimental},
  booktitle    = {Simpósio Brasileiro de Geomática},
  address      = {Presidente Prudente, São Paulo},
  pages        = {292--303}
}
@Article{110,
  key          = {110},
  author       = {\uppercase{Adams, R.; Bischof, L}},
  year         = {1994},
  title        = {Seeded region growing},
  journal      = {IEEE Transactions on Pattern Analysis and Machine Intelligence},
  volume       = {16 (6)},
  pages        = {641--647}
}
@Book{111,
  key          = {111},
  author       = {\uppercase{Serra, J}},
  year         = {1982},
  title        = {Image Analysis and Mathematical Morphology: Volume 1},
  publisher    = {Academic Press},
  edition      = {1st},
  address      = {New York (NY, USA)}
}
@Misc{112,
  key         = {112},
  author      = {\uppercase{mathworks}},
  title       = {\href{http://www.mathworks.com/products/matlab/tryit.html}{MATLAB}},
  howpublished = {},
  url         = {http://www.mathworks.com/products/matlab/tryit.html},
  note        = {[software, v.7.11 (R2010b)]. Acesso em: Maio de 2012},
  year        = {2010}
}
@Article{113,
  key          = {113},
  author       = {\uppercase{Danielsson, P. E}},
  title        = {Euclidean Distance Mapping},
  journal      = {Computer Graphics and Image Processing},
  year         = {1980},
  volume       = {14 (3)},
  pages        = {227--248}
}
@Book{114,
  key          = {114},
  author       = {\uppercase{Russ, J. C}},
  year         = {2011},
  title        = {The Image Processing Handbook},
  publisher    = {CRC Press},
  edition      = {6th},  
  address      = {Boca Raton (FL, USA)}
}
@Misc{115,
  key         = {115},
  author      = {\uppercase{Paciornik, S}},
  title       = {\href{http://www.dema.puc-rio.br/cursos/ipdi/index.html}{Curso de Processamento Digital de Imagens}},
  howpublished = {},
  url         = {http://www.dema.puc-rio.br/cursos/ipdi/index.html},
  note        = {Acesso em: Maio de 2012},
  year        = {2012}
}
@Misc{116,
  key         = {116},
  author      = {\uppercase{Houaiss, I. A}},
  title       = {Dicionário Eletrônico Houaiss da Língua Portuguesa},
  howpublished = {Versão 1.05a. Editora Objetiva},
  note        = {Rio de Janeiro (RJ, Brasil)},
  year        = {2002}
}
@Book{117,
  key          = {117},
  author       = {\uppercase{Theodoridis, S.; Koutroumbas, K}},
  year         = {2009},
  title        = {Pattern Recognition},
  publisher    = {Academic Press},
  edition      = {4th},
  address      = {Burlington (MA,USA)}
}
@Article{118,
  key          = {118},
  author       = {\uppercase{Jain, A. K.; Murty, M. N.; Flynn, P. J}},
  year         = {1999},
  title        = {Data Clustering: a review},
  journal      = {ACM Computing Surveys},
  volume       = {31 (3)},
  pages        = {264--323}
}
@Article{119,
  key          = {119},
  author       = {\uppercase{Jain, A.K.; Duin, R.P.W.; Mao J}},
  year         = {2000},
  title        = {Statistical pattern Recognition: a review},
  journal      = {IEEE Transactions on Pattern analysis and Machine Intelligence},
  volume       = {22 (1)},
  pages        = {4--37 }
}
@Book{120,
  key          = {120},
  author       = {\uppercase{Duda, R. O.; Hart, P. E.; Stork, D. G}},
  year         = {2001},
  title        = {Pattern Classification},
  publisher    = {Wiley, John \& Sons},
  edition      = {2nd},
  address      = {New York (NY, USA)}
}
@Article{121,
  key          = {121},
  author       = {\uppercase{Gomes, O. D. M.; Paciornik, S}},
  title        = {Automatic Classification of Graphite in Cast Iron},
  journal      = {Microscopy and Microanalysis},
  year         = {2005},
  volume       = {11 (4)},
  pages        = {363--371}
}
@Book{122,
  key          = {122},
  author       = {\uppercase{Bow, S. T}},
  year         = {2002},
  title        = {Pattern Recognition and Image Preprocessing},
  publisher    = {Marcel Dekker},
  edition      = {2nd},
  address      = {New York (NY, USA)}
}
%---------------------------
%---------------------------
%---------------------------
@Article{500,
  key          = {500},
  author       = {\uppercase{Barbosa, P. F.; Lagoeiro, L.; Scholz, R.; Graça, L.; Alvarez, G}},
  title        = {Electron Backscattering Diffraction (EBSD) as a Tool to Evaluate the Topotactic and Epitactic Growth of Minerals: The Example of the Magnetite and Hematite},
  journal      = {Microscopy and Microanalysis},
  year         = {2011},
  volume       = {17 (2)},
  pages        = {408--409}
}
@Article{501,
  key          = {501},
  author       = {\uppercase{Barbosa, P. F.; Lagoeiro, L}},
  title        = {Crystallographic texture of the magnetite-hematite transformation: Evidence for topotactic relationships in natural samples from Quadrilátero Ferrífero, Brazil},
  journal      = {American Mineralogist},
  year         = {2011},
  volume       = {95 (1)},
  pages        = {118--125}
}
@Article{502,
  key          = {502},
  author       = {\uppercase{GRUM, J.; STURM, R}},
  title        = {Computer Supported Recognition of Graphite Particle Forms in Cast Iron},
  journal      = {Acta Stereol},
  year         = {1995},
  volume       = {14 (1)},
  pages        = {91--96}
}

%---------------------------
%---------------------------
%---------------------------
%---------------------------


